<?xml version="1.0" encoding="UTF-8"?><record xmlns="http://www.loc.gov/MARC21/slim" xmlns:cinclude="http://apache.org/cocoon/include/1.0" xmlns:zs="http://www.loc.gov/zing/srw/">
  <leader>00530cz  a2200157n  4500</leader>
  <controlfield tag="001">n  78066555 </controlfield>
  <controlfield tag="003">DLC</controlfield>
  <controlfield tag="005">20120801075940.0</controlfield>
  <controlfield tag="008">780914n| aaannaab           |n aaa      </controlfield>
  <datafield tag="010" ind1=" " ind2=" ">
    <subfield code="a">n  78066555 </subfield>
  </datafield>
  <datafield tag="040" ind1=" " ind2=" ">
    <subfield code="a">DLC</subfield>
    <subfield code="b">eng</subfield>
    <subfield code="c">DLC</subfield>
    <subfield code="d">DLC</subfield>
  </datafield>
  <datafield tag="046" ind1=" " ind2=" ">
    <subfield code="f">1919</subfield>
  </datafield>
  <datafield tag="100" ind1="1" ind2=" ">
    <subfield code="a">Mano, Hiroshi,</subfield>
    <subfield code="d">1919-</subfield>
  </datafield>
  <datafield tag="667" ind1=" " ind2=" ">
    <subfield code="a">THIS 1XX FIELD CANNOT BE USED UNDER RDA UNTIL THIS RECORD HAS BEEN REVIEWED AND/OR UPDATED</subfield>
  </datafield>
  <datafield tag="670" ind1=" " ind2=" ">
    <subfield code="a">His Mano Hiroshi jisen ten, 1978:</subfield>
    <subfield code="b">t.p. (Hiroshi Mano [in rom]) p. 43 (b. 1919; artist)</subfield>
  </datafield>
  <datafield tag="670" ind1=" " ind2=" ">
    <subfield code="a">Ja 78-15834</subfield>
    <subfield code="b">(r; Mano Hiroshi)</subfield>
  </datafield>
</record>